<record><leader>00000cas a22000007a 4500</leader><controlfield tag="001">28348234</controlfield><controlfield tag="008">930628d18771892ctuwr ne      0    0eng d</controlfield><datafield ind1=" " ind2=" " tag="010"><subfield code="a">sn 93054019 </subfield></datafield><datafield ind1=" " ind2=" " tag="040"><subfield code="a">CNW</subfield><subfield code="b">eng</subfield><subfield code="c">CNW</subfield><subfield code="d">OCLCQ</subfield><subfield code="d">OCLCF</subfield><subfield code="d">OCLCO</subfield></datafield><datafield ind1="1" ind2=" " tag="029"><subfield code="a">AU@</subfield><subfield code="b">000020738584</subfield></datafield><datafield ind1=" " ind2=" " tag="042"><subfield code="a">msc</subfield></datafield><datafield ind1=" " ind2=" " tag="043"><subfield code="a">n-us-ct</subfield></datafield><datafield ind1="0" ind2=" " tag="130"><subfield code="a">Shore line times (Clinton, Conn.)</subfield></datafield><datafield ind1="1" ind2="4" tag="245"><subfield code="a">The shore line times.</subfield></datafield><datafield ind1=" " ind2=" " tag="260"><subfield code="a">Clinton, Conn. :</subfield><subfield code="b">Henry W. Vail</subfield></datafield><datafield ind1=" " ind2=" " tag="300"><subfield code="a">v.</subfield></datafield><datafield ind1=" " ind2=" " tag="310"><subfield code="a">Weekly</subfield></datafield><datafield ind1="1" ind2=" " tag="362"><subfield code="a">Began in 1877; ceased in 1892.</subfield></datafield><datafield ind1=" " ind2=" " tag="500"><subfield code="a">Published in New Haven, Conn., &lt;Feb. 2, 1878&gt;-1892.</subfield></datafield><datafield ind1=" " ind2=" " tag="500"><subfield code="a">Editors: William Sheffield, &lt;1880&gt;, and E.M. Jerome, &lt;1887&gt;.</subfield></datafield><datafield ind1=" " ind2=" " tag="530"><subfield code="a">Available on microfilm from Guilford Free Library, Guilford, Conn. on film with: Shore line sentinel and: Guilford echo.</subfield></datafield><datafield ind1=" " ind2=" " tag="530"><subfield code="a">Also issued on microfilm from Connecticut State Library, Hartford, CT.</subfield></datafield><datafield ind1=" " ind2=" " tag="588"><subfield code="a">Description based on: Vol. 1, no. 3 (Nov. 29, 1877).</subfield></datafield><datafield ind1=" " ind2="0" tag="651"><subfield code="a">Clinton (Conn.)</subfield><subfield code="v">Newspapers.</subfield></datafield><datafield ind1=" " ind2="0" tag="651"><subfield code="a">New Haven (Conn.)</subfield><subfield code="v">Newspapers.</subfield></datafield><datafield ind1=" " ind2="0" tag="651"><subfield code="a">New Haven County (Conn.)</subfield><subfield code="v">Newspapers.</subfield></datafield><datafield ind1=" " ind2="7" tag="655"><subfield code="a">Newspapers.</subfield><subfield code="2">fast</subfield><subfield code="0">(OCoLC)fst01423814</subfield></datafield><datafield ind1=" " ind2="7" tag="651"><subfield code="a">Connecticut</subfield><subfield code="z">Clinton.</subfield><subfield code="2">fast</subfield><subfield code="0">(OCoLC)fst01226233</subfield></datafield><datafield ind1=" " ind2="7" tag="651"><subfield code="a">Connecticut</subfield><subfield code="z">New Haven.</subfield><subfield code="2">fast</subfield><subfield code="0">(OCoLC)fst01206280</subfield></datafield><datafield ind1=" " ind2="7" tag="651"><subfield code="a">Connecticut</subfield><subfield code="z">New Haven County.</subfield><subfield code="2">fast</subfield><subfield code="0">(OCoLC)fst01207938</subfield></datafield><datafield ind1=" " ind2=" " tag="752"><subfield code="a">United States</subfield><subfield code="b">Connecticut</subfield><subfield code="c">Middlesex</subfield><subfield code="d">Clinton.</subfield></datafield><datafield ind1="0" ind2="5" tag="780"><subfield code="t">Branford gleaner</subfield><subfield code="g">Mar. 1880</subfield><subfield code="w">(DLC)sn 93053688</subfield><subfield code="w">(OCoLC)24932243</subfield></datafield><datafield ind1="0" ind2="0" tag="785"><subfield code="t">Shore line times and county chronicle</subfield><subfield code="w">(DLC)sn 93053688</subfield><subfield code="w">(OCoLC)27301713</subfield></datafield></record>